<mx:record xmlns="http://www.w3.org/TR/xhtml1/strict" xmlns:mx="http://www.loc.gov/MARC21/slim" xmlns:xsi="http://www.w3.org/2001/XMLSchema-instance"><mx:leader>00000cz 2200000n 4500</mx:leader><mx:controlfield tag="001">oca05114858 </mx:controlfield><mx:controlfield tag="005">20010110070312.0</mx:controlfield><mx:controlfield tag="008">991115n| acannaabn |a aaa c</mx:controlfield><mx:datafield ind1=" " ind2=" " tag="010"><mx:subfield code="a">nr 99036156 </mx:subfield></mx:datafield><mx:datafield ind1=" " ind2=" " tag="040"><mx:subfield code="a">UPB</mx:subfield><mx:subfield code="b">eng</mx:subfield><mx:subfield code="c">UPB</mx:subfield><mx:subfield code="d">IEN</mx:subfield></mx:datafield><mx:datafield ind1="0" ind2=" " tag="100"><mx:subfield code="a">Diadochus,</mx:subfield><mx:subfield code="c">Bishop of Photice,</mx:subfield><mx:subfield code="d">5th cent.</mx:subfield></mx:datafield><mx:datafield ind1="0" ind2=" " tag="400"><mx:subfield code="a">Diadochos,</mx:subfield><mx:subfield code="c">Episkopos Photikēs,</mx:subfield><mx:subfield code="d">5th cent.</mx:subfield></mx:datafield><mx:datafield ind1="0" ind2=" " tag="400"><mx:subfield code="a">Diadokh,</mx:subfield><mx:subfield code="c">Episkop Fotiki,</mx:subfield><mx:subfield code="d">5th cent.</mx:subfield></mx:datafield><mx:datafield ind1="0" ind2=" " tag="400"><mx:subfield code="a">Diadoque,</mx:subfield><mx:subfield code="c">de Photicé,</mx:subfield><mx:subfield code="d">5th cent.</mx:subfield></mx:datafield><mx:datafield ind1=" " ind2=" " tag="670"><mx:subfield code="a">Oeuvres spirituelles, 1997:</mx:subfield><mx:subfield code="b">t.p. (Diadoque de Photicé) p. [83] (Diadochou episkopou
        Photikēs)</mx:subfield></mx:datafield><mx:datafield ind1=" " ind2=" " tag="670"><mx:subfield code="a">RLIN, Nov. 15, 1999</mx:subfield><mx:subfield code="b">(hdg.: Diadochus, Bp. of Photice, 5th cent.; usage: Diadoque de
            Photicé; Diadokh episkop Fotiki; Diadochus von Photike; Sancti Diadochi Episcopi
            Photicensis, Diadochus of Photike)</mx:subfield></mx:datafield><mx:datafield ind1=" " ind2=" " tag="999"><mx:subfield code="a">78.7401</mx:subfield></mx:datafield></mx:record>